@article {SV,
    AUTHOR = {Svrtan, Dragutin and Veljan, Darko},
    TITLE = {Non-{E}uclidean versions of some classical triangle
              inequalities},
   JOURNAL = {Forum Geom.},
  FJOURNAL = {Forum Geometricorum. A Journal on Classical Euclidean Geometry
              and Related Areas},
    VOLUME = {12},
      YEAR = {2012},
     PAGES = {197--209},
      ISSN = {1534-1178},
   MRCLASS = {51M16 (51M04 51M09)},
  MRNUMBER = {2955631},
MRREVIEWER = {J. B{\"o}hm},
}

@article {GN,
    AUTHOR = {Guo, Ren and S{\"o}nmez, Nilg{\"u}n},
     TITLE = {Cyclic polygons in classical geometry},
   JOURNAL = {C. R. Acad. Bulgare Sci.},
  FJOURNAL = {Dokladi na B\cdprime lgarskata Akademiya na Naukite. Comptes
              Rendus de l'Acad\'emie Bulgare des Sciences},
    VOLUME = {64},
      YEAR = {2011},
    NUMBER = {2},
     PAGES = {185--194},
      ISSN = {1310-1331},
   MRCLASS = {51M09 (51M04 51M10 51M20)},
  MRNUMBER = {2865551},
MRREVIEWER = {Hellmuth Stachel},
}
	
@book {MPV,
    AUTHOR = {Mitrinovi{\'c}, D. S. and Pe{\v{c}}ari{\'c}, J. E. and
              Volenec, V.},
     TITLE = {Recent advances in geometric inequalities},
    SERIES = {Mathematics and its Applications (East European Series)},
    VOLUME = {28},
 PUBLISHER = {Kluwer Academic Publishers Group, Dordrecht},
      YEAR = {1989},
     PAGES = {xx+710},
      ISBN = {90-277-2565-9},
   MRCLASS = {52A40 (26D20 51M16 52-02)},
  MRNUMBER = {1022443},
MRREVIEWER = {Murray S. Klamkin},
       DOI = {10.1007/978-94-015-7842-4},
       URL = {http://dx.doi.org/10.1007/978-94-015-7842-4},
}
		
@misc{SU,
Author = {Dragutin Svrtan and Igor Urbiha},
Title = {Verification and Strengthening of the Atiyah--Sutcliffe Conjectures for Several Types of Configurations},
Year = {2006},
Eprint = {arXiv:math/0609174},
}

@article {VW,
    AUTHOR = {Veljan, Darko and Wu, Shanhe},
     TITLE = {Parametrized {K}lamkin's inequality and improved {E}uler's
              inequality},
   JOURNAL = {Math. Inequal. Appl.},
  FJOURNAL = {Mathematical Inequalities \& Applications},
    VOLUME = {11},
      YEAR = {2008},
    NUMBER = {4},
     PAGES = {729--737},
      ISSN = {1331-4343},
   MRCLASS = {26D05 (26D15 51M16)},
  MRNUMBER = {2458166},
MRREVIEWER = {Mihai Cipu},
       DOI = {10.7153/mia-11-62},
       URL = {http://dx.doi.org/10.7153/mia-11-62},
}